<record><leader>00000cas a2200000 a 4500</leader><controlfield tag="001">13145957</controlfield><controlfield tag="008">860213d1886189ucauwr ne      0    0eng d</controlfield><datafield ind1=" " ind2=" " tag="010"><subfield code="a">sn 85066532 </subfield></datafield><datafield ind1=" " ind2=" " tag="040"><subfield code="a">KSH</subfield><subfield code="b">eng</subfield><subfield code="c">KSH</subfield><subfield code="d">NPT</subfield><subfield code="d">CNK</subfield><subfield code="d">OCL</subfield><subfield code="d">OCLCQ</subfield></datafield><datafield ind1=" " ind2=" " tag="042"><subfield code="a">msc</subfield></datafield><datafield ind1="0" ind2="0" tag="245"><subfield code="a">San Bernardino weekly courier.</subfield></datafield><datafield ind1=" " ind2=" " tag="260"><subfield code="a">San Bernardino, Calif. :</subfield><subfield code="b">[s.n.]</subfield></datafield><datafield ind1=" " ind2=" " tag="300"><subfield code="a">v. ;</subfield><subfield code="c">71 cm.</subfield></datafield><datafield ind1=" " ind2=" " tag="310"><subfield code="a">Weekly</subfield></datafield><datafield ind1="1" ind2=" " tag="362"><subfield code="a">Began in 1886.</subfield><subfield code="z">Cf. Ayer, 1891.</subfield></datafield><datafield ind1=" " ind2=" " tag="500"><subfield code="a">Published by San Bernardino Pub. Co.</subfield></datafield><datafield ind1=" " ind2=" " tag="515"><subfield code="a">Numbering is irregular.</subfield></datafield><datafield ind1=" " ind2=" " tag="588"><subfield code="a">Description based on: Vol. 2, no. 27 (June 23, 1888).</subfield></datafield><datafield ind1=" " ind2="4" tag="651"><subfield code="a">San Bernardino (Calif.)</subfield><subfield code="v">Newspapers.</subfield></datafield><datafield ind1=" " ind2=" " tag="752"><subfield code="a">United States</subfield><subfield code="b">California</subfield><subfield code="c">San Bernardino</subfield><subfield code="d">San Bernardino.</subfield></datafield><datafield ind1="0" ind2=" " tag="775"><subfield code="t">San Bernardino daily courier (San Bernardino, Calif. : 1886)</subfield><subfield code="w">(DLC)sn 93053203</subfield></datafield><datafield ind1="0" ind2=" " tag="775"><subfield code="t">Daily courier (San Bernardino, Calif. : 1887)</subfield><subfield code="w">(DLC)sn 85066530</subfield></datafield><datafield ind1="0" ind2=" " tag="775"><subfield code="t">San Bernardino daily courier (San Bernardino, Calif. : 1889)</subfield><subfield code="w">(DLC)sn 85066531</subfield></datafield><datafield ind1="0" ind2=" " tag="775"><subfield code="t">Daily courier (San Bernardino, Calif. : 1890)</subfield><subfield code="w">(DLC)sn 93053204</subfield></datafield><datafield ind1="0" ind2="0" tag="785"><subfield code="t">Weekly courier (San Bernardino, Calif.)</subfield><subfield code="w">(DLC)sn 85066533</subfield></datafield><datafield ind1="1" ind2=" " tag="029"><subfield code="a">AU@</subfield><subfield code="b">000022169673</subfield></datafield></record>